2825 4317
399 316 499 368 106

1308 320 1579 371 PLAVTI

2219 322 2281 389 [1.
2308 338 2351 372 2.
2382 324 2494 387 167.

401 486 537 570 Qui
568 486 831 551 illorum
869 488 1092 552 uerbis
1124 486 1315 553 falsis
1348 489 1659 573 acceptor
1689 490 1808 567 fui,

400 595 538 679 Qui
631 595 857 659 omnia
958 616 1032 661 se
1136 597 1452 661 simulant
1549 597 1720 662 scire
1818 620 2035 683 neque
2137 600 2488 684 quicquam

671 704 911 769 sciunt.

2394 723 2456 759 20
2463 722 2494 774 5

399 812 600 896 Quod
707 812 987 897 quisque
1089 814 1159 878 in
1260 815 1485 878 animo
1586 816 1787 879 habet
1889 826 2004 880 aut
2109 817 2490 882 habiturust

671 921 890 985 sciunt
916 944 929 986 :

399 1029 639 1095 Sciunt
672 1029 737 1093 {d
772 1031 949 1113 quod
984 1030 1052 1094 in
1086 1051 1312 1095 aurem
1349 1034 1464 1095 rex
1497 1034 1770 1115 reginae
1806 1033 2083 1098 dixerit:

400 1137 639 1203 Sciunt
674 1139 851 1222 quod
889 1139 1059 1203 Iuno
1092 1138 1458 1204 fabulatast
1494 1139 1645 1205 cum
1683 1142 1885 1205 Ioue:

399 1246 592 1330 Quae
624 1248 843 1331 neque
875 1247 1104 1311 futura
1136 1249 1354 1331 neque
1388 1258 1569 1324 sunt,
1606 1260 1831 1313 tamen
1870 1250 1960 1313 illi
1993 1252 2234 1315 sciunt.

399 1355 645 1419 Falson
680 1376 766 1420 an
799 1375 961 1420 uero
994 1354 1285 1432 laudent,
1323 1357 1597 1439 culpent
1633 1360 1830 1441 quem
1867 1358 2097 1435 uelint,

2387 1372 2488 1409 210

399 1464 555 1528 Non
588 1463 781 1529 flocci
812 1464 1090 1540 faciunt,
1128 1462 1286 1527 dum
1323 1464 1488 1529 illud
1521 1466 1698 1550 quod
1731 1466 1956 1531 lubeat
1991 1466 2230 1534 sciant.

398 1572 639 1637 Omnis
673 1573 971 1637 mortalis
1004 1571 1183 1637 hunc
1217 1574 1486 1637 aiebant
1524 1574 1866 1639 Calliclem

398 1681 759 1765 Indignum
794 1681 1073 1748 ciuitate
1105 1702 1182 1746 ac
1218 1703 1368 1747 sese
1403 1683 1651 1759 uiuere,

396 1790 601 1855 Bonis
635 1790 751 1874 qui
783 1792 965 1856 hunc
998 1791 1499 1855 adulescentem
1535 1792 1896 1857 euortisset
1930 1793 2090 1859 suis,

398 1901 545 1985 Ego
579 1901 664 1964 de
697 1899 925 1964 eorum
962 1900 1186 1964 uerbis
1221 1899 1772 1983 famigeratorum
1810 1900 2102 1967 insciens
2387 1913 2484 1968 215

397 2008 675 2073 Prosssui
709 2009 995 2073 amicum
1032 2008 1435 2091 castigatum
1472 2007 1836 2073 innoxium.

397 2118 594 2201 Quod
630 2118 687 2181 si
718 2118 1099 2201 exquiratur
1134 2116 1344 2201 usque
1380 2118 1466 2182 ab
1501 2118 1709 2201 stirpe
1742 2117 2123 2194 auctoritaS,

394 2227 589 2291 Vnde
623 2226 942 2310 quidquid
978 2226 1278 2290 auditum
1313 2225 1538 2289 dicant
1574 2248 1588 2290 ε
1636 2225 1767 2290 nisi
1800 2226 1867 2290 id
1900 2226 2236 2311 appareat,

394 2336 451 2398 F
455 2335 877 2417 arnigeratori
912 2335 1015 2398 res
1052 2335 1138 2399 sit
1175 2355 1325 2399 curn
1361 2335 1604 2398 damno
1638 2336 1704 2399 et
1740 2334 1954 2399 malo:

396 2444 549 2508 Hoc
583 2444 675 2507 ita
707 2443 764 2507 si
798 2443 933 2519 fiat,
972 2442 1239 2525 publico
1274 2443 1389 2507 fiat
1424 2444 1620 2508 bono,
2383 2458 2482 2493 220

459 2649 567 2696 204.
604 2636 834 2686 uerbis:
871 2634 977 2683 dat.
1014 2634 1135 2683 with
1172 2648 1382 2698 accep-

388 2710 480 2752 tor
503 2702 605 2753 fui.

456 2770 567 2819 206.
602 2771 814 2819 habet:
855 2768 1051 2817 Introd.
1077 2782 1157 2833 43.

456 2836 566 2885 208.
602 2837 755 2901 quod
822 2836 969 2885 Iuno
1017 2870 1031 2884 .
1081 2870 1095 2884 .
1145 2870 1160 2884 .
1208 2836 1379 2885 Iove:

386 2918 534 2952 some
569 2903 757 2967 phrase
794 2902 895 2951 like
922 2902 1023 2952 this
1057 2917 1161 2951 was
1202 2917 1381 2966 appar-

384 2970 530 3035 ently
552 2968 846 3033 proverbial
870 2969 921 3017 in
939 2968 1112 3019 Greek
1134 2969 1378 3033 (Theocr.

455 3118 564 3153 210.
601 3103 856 3162 laudent,
914 3102 1182 3166 culpent:
1254 3102 1377 3152 with

384 3171 691 3237 asyndeton,
728 3170 857 3220 both
900 3169 1197 3234 depending
1231 3185 1377 3233 upon

384 3253 501 3287 non
526 3238 693 3287 flocci
729 3238 966 3287 faciunt.
1038 3237 1152 3286 The
1176 3243 1379 3286 antece-

384 3304 508 3353 dent
534 3305 591 3353 of
610 3319 783 3368 quem
804 3304 847 3352 is
868 3305 956 3353 the
976 3303 1152 3367 object
1171 3303 1231 3352 of
1246 3302 1377 3352 both

383 3372 551 3429 verbs,
587 3371 690 3420 and
733 3372 788 3420 in
823 3372 911 3420 the
944 3371 1043 3420 full
1077 3370 1377 3434 expression

381 3440 598 3487 laudare
623 3439 729 3487 and
753 3440 961 3500 culpare
973 3437 1148 3488 would
1171 3436 1237 3486 be
1260 3452 1377 3501 sup-

380 3505 519 3569 plied
542 3506 677 3555 after
699 3505 898 3555 uelint.

450 3586 560 3633 214.
598 3572 767 3621 bonis
788 3572 1100 3621 euortisset
1122 3588 1135 3619 ε
1158 3570 1224 3619 cf.
1248 3585 1377 3635 agro

380 3646 581 3688 euortat
612 3674 623 3685 .
664 3675 674 3685 .
715 3674 726 3685 .
764 3641 950 3687 euertit
990 3638 1211 3695 aedibus,
1258 3636 1373 3687 616.

382 3706 499 3755 The
521 3705 622 3755 abl.
645 3705 692 3753 is
716 3720 817 3754 one
841 3704 899 3754 of
920 3704 1233 3768 separation.
1289 3704 1371 3753 Cf.

384 3771 581 3820 Introd.
617 3785 672 3833 17
698 3772 742 3821 b.
816 3773 919 3820 For
953 3771 1136 3829 bon'iS,
1167 3786 1256 3819 see
1294 3771 1375 3818 In-

382 3837 515 3887 trod.
541 3851 620 3900 47.

1553 2646 1664 2699 215.
1704 2636 1775 2683 de
1811 2634 2023 2694 uerbis,
2033 2636 2154 2699 just
2177 2636 2314 2701 after
2335 2636 2481 2685 hear·

1483 2702 1578 2765 ing
1617 2702 1701 2750 the
1745 2703 1912 2750 words
1957 2704 2022 2767 of,
2070 2717 2103 2751 a
2148 2703 2320 2752 rather
2366 2718 2478 2751 rare

1483 2782 1654 2827 sense,
1689 2768 1785 2817 but
1830 2768 1894 2817 cf.
1931 2771 2080 2817 Most.
2117 2767 2232 2833 697,
2265 2785 2478 2817 somnus

1481 2836 1543 2883 de
1564 2837 1797 2897 prandio
1809 2851 1834 2894 ‚·
1872 2836 2022 2885 Caes.
2054 2837 2119 2885 B.
2153 2836 2210 2884 G.
2238 2837 2280 2885 1.
2320 2850 2394 2893 12,
2417 2837 2482 2884 de

1480 2904 1629 2951 tertia
1651 2903 1854 2966 uigilia.

1551 2968 1661 3017 216.
1699 2969 2072 3033 castigatum:
2100 2968 2318 3019 averbal
2330 2984 2473 3018 noun

1483 3034 1537 3099 (“
1553 3035 1736 3099 supine
1753 3035 1804 3097 ”)
1831 3036 1966 3085 after
1989 3036 2248 3100 prosilui.

1549 3116 1641 3164 217
1667 3100 1731 3151 ff:
1760 3103 1875 3152 The
1908 3103 2056 3152 force
2090 3104 2148 3152 of
2188 3104 2239 3153 si
2275 3104 2476 3167 exqui-

1480 3176 1638 3219 ratur
1672 3184 1801 3233 goes
1836 3170 2064 3234 through
2103 3183 2214 3232 219,
2239 3169 2345 3218 and
2383 3171 2473 3219 the

1481 3235 1646 3285 whole
1668 3237 1713 3286 is
1737 3236 2080 3287 summarized
2102 3237 2156 3285 in
2179 3239 2292 3286 hoc
2316 3238 2396 3286 ita
2423 3238 2475 3286 si

1480 3302 1603 3351 fiat.
1673 3303 1787 3353 The
1811 3304 2030 3353 indirect
2048 3305 2292 3368 question
2318 3306 2473 3353 unde

1522 3405 1536 3418 .
1566 3404 1580 3418 .
1606 3370 1801 3420 dicant
1836 3370 2072 3435 depends
2108 3387 2250 3435 upon
2276 3379 2476 3421 aucto-

1478 3437 1620 3487 ritas
1665 3437 1772 3486 and
1818 3439 1972 3488 unde
2022 3440 2151 3501 (=a
2187 3440 2306 3501 quo)
2344 3454 2474 3501 goes

1478 3503 1600 3552 with
1648 3505 1929 3555 auditum.
2022 3505 2135 3553 The
2183 3504 2470 3558 condition.

1477 3571 1901 3687 nisgjappatrean
1916 3571 2036 3686 wittlh
2055 3571 2122 3686 itts
2147 3571 2470 3627 conclusion,

1477 3652 1522 3685 rs
1621 3652 1736 3686 mos
1805 3653 1962 3701 paren
2027 3653 2055 3687 e
2079 3652 2330 3687 1c.—res
2371 3672 2384 3686 .
2413 3673 2426 3686 .
2456 3673 2471 3686 .

1477 3705 1708 3763 damno,
1741 3706 1803 3753 lte
1852 3706 2040 3754 should
2089 3705 2142 3752 bc
2199 3706 2347 3753 made
2392 3720 2472 3752 ac-

1477 3772 1726 3833 quainted
1749 3772 1874 3820 with
1898 3773 1999 3821 loss
2013 3787 2036 3830 ‚·
2075 3771 2162 3819 the
2197 3771 2389 3833 phrase
2424 3771 2472 3820 is

1476 3838 1716 3901 properly
1743 3838 1868 3887 used
1895 3838 1954 3887 of
1973 3852 2207 3903 persons.
