2825 4317
410 330 506 370 iv.
530 331 577 369 2.
604 316 711 385 93·]
795 315 804 327 ·
1252 316 1710 367 TRINVMMVS
2423 314 2517 367 163

428 489 555 553 CH.
626 440 939 552 Ne-male
982 487 1255 568 loquere
1306 484 1573 567 apsenti
1614 484 1846 550 amice.
1947 484 2059 549 ΞΥ.
2132 484 2312 569 Quid
2357 504 2516 567 ergo

702 594 813 659 ille
848 594 1347 677 ignauissumus

429 704 600 769 Mihi
647 703 993 768 latitabat?
1109 702 1233 766 CH.
1307 701 1380 797 Si
1430 701 1857 784 appellasseS‚
1894 701 2357 784 respondisset
2405 702 2516 767 no-

699 812 883 877 mini.

428 922 563 987 Sed
598 922 743 1005 ipse
776 920 997 984 ubist?
1096 918 1208 984 ΞΥ.
1280 918 1395 982 Pol
1447 918 1632 982 illt'im
1681 918 1917 1003 reliqui
1963 921 2046 983 ad
2097 920 2515 986 Rhadaman-

607 1094 610 1097 .
700 1040 838 1097 tem
874 1033 942 1092 in
978 1026 1325 1109 Cercopia.

428 1138 564 1207 CH.
626 1137 799 1222 Quis
834 1138 1101 1200 homost
1139 1156 1247 1199 me
1283 1134 1710 1218 insipientior
1741 1137 1856 1219 qui
1891 1136 2034 1220 ipse
2081 1138 2350 1221 egomet
2396 1139 2515 1204 ubi

701 1246 827 1310 sim
863 1243 1270 1328 quaeritem?

429 1356 562 1419 5έά
589 1354 681 1417 nil
716 1351 1140 1417 discondticit
1175 1352 1332 1417 huic
1368 1352 1485 1417 rei.

696 1465 766 1528 te
799 1462 1003 1545 rogo?

1583 1352 1740 1435 quid
1774 1352 1911 1417 ais?
1985 1353 2144 1436 quid
2176 1354 2302 1419 hoc
2334 1356 2512 1439 quod

2414 1476 2514 1529 930

427 1571 618 1655 Quos
650 1572 833 1639 locos
870 1570 1107 1634 adisti?
1168 1569 1319 1634 ·SY.
1392 1568 1694 1632 Nimium
1740 1569 2108 1634 mirimodis
2151 1570 2509 1637 mirabiles,

427 1680 551 1745 CH.
627 1679 847 1745 Lt'ibet
898 1678 1146 1754 audire,
1198 1677 1335 1741 nisi·
1377 1678 1824 1742 molestumst.
1943 1678 2063 1744 ΞΥ.
2151 1678 2332 1762 Quin
2388 1680 2513 1745 dis-

698 1788 894 1871 cupio
929 1786 1167 1850 dicere.

425 1878 745 1983 Omnium
788 1896 1077 1980 primum
1124 1893 1195 1957 {n
1245 1871 1534 1959 Pontum
1583 1894 1851 1959 aduecti
1894 1880 2215 1960 Arabiam
2264 1896 2510 1966 terram

697 2025 950 2069 sumus,

424 2113 549 2178 CH.
618 2101 789 2190 Eho,
818 2134 903 2177 an
931 2090 1144 2176 etiarn¹
1168 2110 1542 2176 Arabiast
1525 2132 1592 2174 1n
1629 2112 1880 2176 Ponto?
1978 2111 2090 2177 ΞΥ.
2159 2113 2324 2177 Est:
2357 2114 2508 2179 ,non

698 2222 809 2285 illa
839 2220 954 2285 ubi
988 2230 1099 2284 tus
1133 2220 1450 2303 gignitur,

424 2329 560 2395 5έά
594 2330 709 2394 ubi
742 2327 1156 2413 apsinthitim
1192 2329 1265 2391 fit
1302 2335 1504 2412 atque
1538 2327 1760 2392 cunssa
1791 2328 2177 2410 gallinacea.
2410 2344 2508 2398 935

350 2487 390 2494 -
423 2438 550 2503 CH.
619 2438 919 2502 Nimium
984 2436 1375 2521 graphicum
1427 2437 1605 2501 hunc
1672 2436 2087 2520 nugatorem.
2144 2450 2148 2454 ’
2215 2440 2334 2504 sed
2381 2460 2507 2523 ego

693 2566 840 2609 sum
877 2545 1313 2627 insipientior,

424 2653 559 2738 Qui
592 2655 858 2738 egomet
892 2654 1071 2718 unde
1098 2655 1362 2718 redeam
1394 2654 1575 2719 hunc
1609 2653 1915 2736 rogitem,
1940 2674 2114 2737 quae
2141 2656 2269 2739 ego
2301 2656 2504 2721 sciam

694 2769 897 2845 atque
929 2761 1039 2826 hic
1072 2762 1325 2826 nesciat
1352 2784 1366 2825 ε

422 2870 573 2935 Νίεί
606 2870 765 2954 quia
795 2870 983 2934 lubet
1017 2869 1302 2953 experiri
1336 2891 1468 2953 quo
1502 2871 1857 2935 euasurust
1890 2870 2196 2954 denique.

487 3027 599 3092 928.
640 3029 744 3077 For
765 3026 855 3077 the
878 3036 1023 3094 story
1046 3028 1105 3076 of
1126 3028 1216 3077 the
1245 3030 1411 3078 Cerco-

407 3103 516 3159 pes‚
541 3094 778 3158 changed
801 3095 911 3143 into
938 3109 1061 3158 apes
1083 3095 1167 3143 for
1190 3095 1411 3158 tricking

419 3162 635 3225 Jupiter,
681 3176 770 3211 see
819 3161 973 3220 Ovid,
1008 3163 1219 3209 Metam.
1258 3163 1406 3210 XIV.
1445 3194 1454 3201 -

416 3242 483 3292 90
528 3227 584 3276 ff.
667 3228 783 3277 The
826 3227 997 3277 island
1048 3228 1323 3277 Pithecusa
1365 3222 1409 3277 is

418 3309 547 3343 near
570 3294 787 3359 NapleS,
814 3294 909 3344 but
941 3294 1030 3343 the
1055 3294 1222 3343 whole
1249 3301 1405 3359 story,

416 3361 506 3410 the
539 3362 765 3412 allusion
799 3368 855 3409 to
879 3360 1044 3410 which
1069 3361 1115 3409 is
1145 3361 1283 3409 from
1317 3361 1407 3410 the

417 3427 591 3477 Greek
622 3428 759 3494 play,
782 3427 1015 3491 belongs,
1040 3427 1098 3475 of
1127 3442 1325 3486 course,
1348 3434 1405 3476 to

415 3494 792 3626 lffg93nrflffocos
816 3578 827 3609 :
862 3561 928 3608 cf.
953 3563 1075 3619 loca,
1098 3558 1211 3621 864.
1264 3560 1410 3639 plau-

416 3627 775 3753 33332‘2‘303?
789 3626 1409 3751 ‘2'502‘3-‘2223‘0‘352‘3‘233

412 3761 730 3811 terrarum.”
746 3788 814 3797 —
832 3760 1152 3812 mirimodis
1175 3781 1241 3801 =
1262 3761 1410 3825 origi·

416 3828 558 3895 nally
580 3830 731 3877 miris
770 3829 947 3886 modis,
971 3828 1066 3876 but
1102 3827 1170 3893 by
1199 3842 1291 3877 use
1326 3828 1410 3877 be-

1511 3029 2348 3211 fgffijzsspssazzxffd‘zstf‘ss.
2396 3032 2503 3147 ρῗὲῗ

1561 3179 1604 3211 r.
1637 3174 1743 3228 153.

1579 3242 1690 3294 932.
1728 3230 1867 3293 quin
1901 3237 2129 3279 corrects
2163 3230 2254 3280 the
2299 3245 2505 3295 sugges-

1509 3294 1623 3343 tion
1659 3295 1717 3344 of
1751 3297 2090 3347 molestum:
2126 3297 2286 3363 ‘why,
2311 3312 2379 3347 on
2413 3298 2503 3348 the

1509 3370 1762 3452 contrary,
1792 3364 1901 3411 I'm
1929 3378 2049 3428 very
2072 3364 2291 3414 anxious
2326 3372 2383 3413 to
2413 3365 2504 3415 tell

1507 3443 1626 3493 you.

1574 3508 1639 3559 93
1647 3508 1690 3560 5
1727 3496 1917 3546 cunila
1941 3496 2278 3575 gallinacea,
2305 3514 2500 3562 savory.

1576 3561 1689 3626 938.
1724 3562 1840 3612 nisi
1874 3564 2027 3627 quia,
2051 3571 2224 3627 except
2241 3566 2366 3614 that.
2438 3565 2501 3614 In

1511 3627 1600 3676 the
1633 3644 1779 3677 same
1826 3645 1936 3696 way
1971 3632 2152 3680 Pseud
2201 3645 2322 3692 107;
2374 3630 2500 3697 568;

1511 3695 1646 3743 Rud.
1688 3707 1828 3761 1025,
1854 3704 1952 3746 etc
2022 3698 2146 3761 Esp.
2165 3697 2304 3747 after
2327 3700 2501 3757 nescio,

1509 3761 1678 3811 where
1712 3762 1753 3811 it
1787 3778 2058 3826 expresses
2081 3779 2114 3813 a
2135 3765 2394 3829 complete
2415 3765 2502 3814 ad-

1511 3828 1763 3878 versative
1786 3828 1919 3879 idea.
