2825 4317
406 281 482 320 ιν.
508 283 553 318 2.
577 268 681 335 46.]
1217 270 1670 320 TR1NVMMvs
2397 269 2495 322 159

405 437 747 503 Calliclem
781 438 1002 503 aiebat
1035 439 1261 503 uocari
1296 439 1409 522 qui
1442 437 1564 502 has
1597 438 1779 502 dedit
1816 437 1981 501 mihi
2012 437 2355 520 epistulas,
2390 452 2453 516 87
2462 466 2490 520 5

406 548 530 613 CH.
614 545 845 611 Meum
898 556 1176 630 gnatum
1234 547 1343 611 hic
1393 547 1662 631 quidem
1725 545 2177 611 Lesbonicum
2226 546 2483 630 quaerit

676 665 744 719 et
778 654 1065 719 amicum
1099 676 1341 732 meum,

406 763 587 848 Quoi
616 784 742 847 ego
775 763 1152 847 liberbsque
1186 765 1495 847 bonaque
1530 763 2018 840 cdmmendaui,
2059 762 2427 829 calliclem.

405 860 524 937 ΞΥ.
587 872 725 936 Ρέε
760 892 866 936 me
900 873 957 936 si
993 872 1125 937 scis
1158 872 1510 937 certiorem
1547 872 1734 936 hisce
1786 870 2096 936 hdmines
2147 871 2262 934 ubi
2311 871 2491 936 habi-

675 982 842 1056 tent,
881 989 1088 1063 pater.
2435 1037 2441 1040 ,

403 1088 529 1153 CH.
598 1087 778 1172 Quid
823 1108 938 1152 eos
982 1088 1294 1171 quaeris?
1344 1087 1459 1152 aut
1509 1077 1658 1171 quis
1708 1087 1829 1151 es?
1878 1096 1994 1151 aut
2040 1085 2324 1151 tinde’s?
2374 1096 2491 1153 aut

649 1190 853 1261 'unde
885 1196 1215 1260 aduenis?

402 1304 515 1370 ΞΥ.
584 1303 803 1367 Multa
851 1304 1052 1368 simul
1101 1304 1394 1388 rogitas:
1446 1304 1674 1369 nescio
1709 1303 1870 1388 quid
1905 1303 2489 1387 expediampotis·

676 1434 962 1478 sumum.
2312 1432 2319 1441 ‘
2389 1409 2490 1462 880

401 1522 478 1586 Si
510 1520 716 1586 tinum
750 1522 1073 1606 quidquid
1108 1522 1499 1606 singillatim
1536 1530 1603 1586 et
1639 1521 1898 1605 placide
1922 1521 2426 1605 percontzibere,

401 1618 491 1694 Et
528 1651 750 1695 meum
782 1651 1030 1695 nomen
1067 1633 1133 1696 et
1168 1652 1319 1695 mea
1350 1631 1535 1695 facta
1567 1641 1636 1696 et
1671 1631 1912 1695 itinera
1949 1651 2076 1714 ego
2106 1628 2262 1694 fax6
2294 1630 2486 1696 scias,

401 1739 527 1804 Cn.
602 1739 873 1804 Faciam
917 1739 1011 1804 ita
1044 1749 1118 1803 ut
1153 1740 1254 1803 uis
1279 1738 1648 1823 :Agedum
1688 1759 1933 1803 nomen
1973 1737 2158 1802 tu6m
2199 1737 2487 1821 primum

674 1847 970 1912 memor-4
1000 1846 1184 1912 mihi.

364 2007 367 2011 .
399 1956 516 2022 ΞΥ.
588 1956 915 2040 Magnum
939 1956 1202 2020 facinus
1229 1955 1564 2040 incipissis
1593 1957 1841 2040 petere.
1941 1955 2068 2021 CH.
2138 1954 2320 2039 Quid
2346 1955 2487 2019 ita?

676 2064 789 2129 ΞΥ.
859 2065 1054 2148 Quia,
1092 2073 1301 2148 pater,
1585 2138 1589 2142 ,

400 2173 476 2237 Si
508 2173 667 2237 ante
700 2172 920 2239 lucem
966 2171 976 2262 Ι
1017 2173 1112 2237 ire
1145 2173 1438 2256 occipias
1471 2172 1512 2237 ἐι
1543 2193 1695 2238 meo
1727 2171 1942 2256 primo
1975 2171 2264 2248 ιιόιῐιίιιε,
2390 2186 2489 2254 885

399 2280 819 2346 C6ncubium
870 2281 957 2346 sit
1009 2281 1228 2347 ndctis
1278 2282 1463 2365 prius
1512 2303 1713 2365 quam
1761 2283 1845 2345 ad
1894 2279 2306 2363 pbstremum
2349 2300 2489 2362 per-

672 2391 959 2455 ueneriS.
2493 2455 2496 2461 ,

398 2498 523 2564 Cn.
594 2480 784 2580 Opus
831 2499 1082 2563 factost
1127 2499 1375 2564 uiatico
1420 2500 1504 2563 ad
1544 2506 1730 2563 tuom
1773 2496 2037 2574 ndmen,
2085 2506 2158 2562 ut
2200 2506 2275 2560 tu
2308 2499 2489 2579 prae-

671 2606 875 2671 dicas,

398 2714 514 2780 ΞΥ.
569 2701 695 2777 Est
730 2714 1178 2780 minusculum
1211 2716 1494 2780 Alterum
1528 2698 1718 2809 quasi
1750 2712 2099 2781 uesculum
2131 2712 2482 2795 uinzirium.

460 2914 575 2976 878.
633 2916 831 2965 hisce:
898 2931 1039 2966 nom.
1096 2916 1232 2980 plu.;
1300 2931 1389 2968 see
1499 2941 1502 2944 ·
1557 2916 1674 2978 887.
1709 2932 1860 2983 opus
1891 2917 2106 2969 factost
2134 2917 2365 2977 uiatico,
2394 2914 2525 2966 one'

399 2984 543 3045 Capt.
569 2995 633 3048 35
657 2998 706 3031 n.
1491 2992 1632 3033 must
1652 2987 1869 3048 provide
1912 3001 2093 3048 money
2110 2986 2209 3049 for
2243 2985 2326 3033 his
2344 2985 2484 3047 fare.

460 3048 574 3099 881.
599 3063 780 3099 unum
797 3028 1095 3113 quidquid.
1119 3050 1204 3099 for
1220 3067 1386 3100 unum
1492 3051 1609 3101 The
1632 3051 1987 3101 combination
2010 3051 2070 3100 of
2091 3059 2216 3114 opus
2237 3051 2364 3114 (and
2383 3052 2487 3100 less

391 3117 655 3180 quidque;
688 3130 777 3166 see
826 3115 1026 3165 Introd.
1064 3130 1123 3180 19
1152 3119 1201 3165 d.
1273 3117 1389 3167 The
1490 3117 1784 3184 frequently
1813 3118 1959 3183 usus)
1997 3126 2071 3167 est
2101 3118 2222 3166 with
2261 3118 2349 3167 the
2382 3116 2485 3166 abl.

393 3197 556 3245 usage
612 3182 657 3232 is
714 3183 991 3249 especially
1034 3182 1277 3247 frequent
1331 3183 1387 3233 in
1491 3184 1551 3233 of
1566 3185 1656 3234 the
1675 3185 1942 3249 perfiptc„
1964 3184 2166 3248 though
2184 3184 2352 3233 found
2370 3184 2485 3233 also

396 3249 683 3299 Lucretius.
1489 3250 1543 3300 in
1590 3253 1737 3301 class.
1775 3252 1942 3309 Latin,
1988 3250 2032 3300 is
2069 3251 2347 3317 especially
2389 3250 2488 3300 fre·

458 3315 573 3377 884.
610 3316 695 3365 Cf.
741 3317 865 3370 Mil.
918 3317 1056 3366 Glor.
1095 3316 1207 3375 228,
1254 3333 1391 3381 mag-
1492 3325 1652 3382 quent
1696 3318 1747 3373 in
1787 3318 1862 3367 Pl.
1899 3317 2005 3367 and
2039 3318 2156 3366 Ter.
2175 3325 2355 3368 —utz
2403 3319 2488 3366 In-

390 3391 514 3431 nam
556 3385 669 3432 illic
724 3384 872 3432 homo
928 3400 1034 3432 rem
1092 3385 1349 3446 incipissit
1362 3398 1387 3443 ,⁶
1492 3383 1626 3434 trod.
1653 3399 1716 3449 33
1738 3401 1786 3433 a.

396 3451 540 3511 Capt.
581 3448 695 3507 802,
731 3453 863 3514 quid
892 3451 972 3499 hic
1007 3451 1155 3500 homo
1186 3457 1387 3500 tantum
1557 3451 1670 3500 888.
1707 3451 1893 3515 quasi,
1918 3451 2032 3510 like,
2060 3449 2113 3500 in
2149 3466 2182 3500 a
2216 3451 2322 3500 real
2350 3466 2487 3501 com·

390 3517 831 3579 incipiesitfizcere
856 3554 867 3566 .
895 3552 907 3565 .
937 3553 948 3564 .
975 3517 1002 3567 ?
1490 3518 1720 3581 parison.
1790 3518 1904 3566 The
1951 3517 2076 3583 only
2111 3518 2262 3580 point
2301 3518 2383 3567 in
2397 3518 2488 3568 the

456 3582 573 3647 885.
608 3584 825 3648 primo:
862 3585 957 3644 i.e.,
991 3583 1130 3632 from
1176 3584 1266 3633 the
1305 3583 1389 3634 be-
1491 3584 1822 3648 comparison
1889 3584 1935 3634 is
1994 3584 2083 3633 the
2142 3585 2488 3648 unexpected·

390 3648 611 3713 ginning
633 3650 693 3699 of
713 3650 804 3699 the
828 3665 996 3709 name,
1022 3658 1116 3700 not
1139 3650 1275 3700 from
1299 3651 1389 3700 the
1490 3666 1610 3701 naes
1655 3651 1714 3699 of
1755 3651 1797 3700 it
1841 3650 1946 3700 and
1984 3650 2073 3700 the
2109 3650 2326 3700 eomical
2372 3666 2488 3716 sug·

390 3721 422 3745 ‘⁴
437 3715 551 3766 first
568 3717 598 3740 ’⁹
622 3731 775 3767 name
796 3733 809 3779 ;
833 3716 899 3766 cf.
916 3718 975 3765 in
988 3718 1171 3779 prima
1180 3718 1387 3782 fabula,
1489 3718 1694 3781 gestion
1714 3717 1772 3766 of
1794 3733 1826 3765 a
1848 3717 1999 3768 small
2016 3718 2152 3767 flask
2177 3717 2246 3783 by
2266 3717 2357 3767 the
2374 3718 2486 3768 side

389 3789 490 3832 etc.
1491 3784 1550 3833 of
1572 3800 1605 3833 a
1626 3785 1766 3847 large
1791 3785 1922 3833 wine
1940 3783 2034 3849 jar.
