2825 4317
363 335 455 383 ,ιιι
478 338 523 373 2.
553 321 657 391 13.]
1170 322 1634 375 TRINVMMvs

370 490 763 566 Lesbonice,
803 492 956 555 esse
988 490 1299 555 uideatur
1330 490 1583 575 gloriae
1615 502 1728 556 aut
1763 492 2000 567 famae,
2039 490 2274 557 sinam.

368 600 493 664 LE.
548 598 746 682 Quod
780 608 884 663 est
910 598 1327 663 facillumum
1351 599 1542 665 facis».
1628 600 1751 664 LY.
1807 600 1988 683 Quid
2021 600 2088 663 id
2120 600 2272 664 est?
2325 601 2448 665 LE.

640 707 885 771 Amico
920 706 1247 773 iniuriam.
1373 737 1378 741 ·
2353 706 2454 773 630

368 818 489 882 LY.
561 816 801 899 Neque
832 825 1122 880 meumst
1157 836 1377 900 neque
1399 816 1626 881 facere
1650 817 1870 881 didici.
1953 817 2076 882 LE.
2134 816 2452 882 Indoctus

640 944 843 1008 quam
874 924 1074 989 docte
1105 924 1292 989 facis,

368 1032 547 1117 Quid
608 1033 887 1109 facereS,
949 1032 1155 1116 siquis
1217 1032 1559 1097 docuisset
1623 1043 1692 1097 te
1755 1032 1827 1097 t'rt
1891 1033 1988 1098 sic
2052 1032 2205 1098 odio
2270 1032 2452 1097 esses

637 1140 850 1205 mihi?

368 1251 551 1315 Bene
606 1270 806 1333 quom
860 1249 1131 1314 simulas
1182 1248 1409 1313 facere
1460 1249 1625 1313 mihi
1675 1258 1766 1326 te,
1816 1248 1990 1313 male
2037 1249 2225 1326 faciS,
2280 1250 2454 1313 male

640 1356 956 1423 consulis

370 1468 490 1532 LY.
561 1454 847 1550 Egone?
946 1466 1071 1531 LE.
1137 1466 1353 1532 Tune.
1457 1466 1580 1533 LY.
1634 1465 1816 1550 Quid
1847 1466 2020 1530 male
2049 1466 2273 1531 facio?
2325 1466 2450 1531 LE.

644 1574 842 1659 Quod
876 1595 1002 1658 ego
1035 1574 1191 1639 nolo
1226 1574 1293 1638 id
1326 1574 1526 1658 quom
1557 1574 1746 1639 facis,

372 1684 494 1749 LY.
563 1684 753 1747 Tuae
774 1683 870 1747 rei
892 1684 1068 1747 bene
1088 1682 1440 1747 consulere
1466 1683 1682 1767 cupio,
1783 1684 1908 1748 LE.
1974 1682 2080 1747 Tu
2114 1703 2187 1747 es
2221 1683 2454 1747 melior

641 1812 841 1875 quam
875 1793 1141 1875 egomet
1176 1791 1387 1856 mihi?
2355 1790 2453 1856 635

372 1898 493 1965 Sat
528 1900 735 1983 sapi0,
772 1899 938 1964 satis
987 1899 1055 1965 In
1105 1921 1245 1965 rem
1294 1920 1468 1984 quae
1515 1900 1654 1965 sint
1692 1900 1909 1965 meam
1950 1920 2077 1983 ego
2112 1898 2455 1982 conspicio

642 2009 827 2074 mihi.

373 2117 495 2182 LY.
563 2104 676 2181 Ᾱῐι
713 2118 778 2181 id
813 2126 917 2181 est
952 2137 1205 2200 sapere,
1244 2127 1317 2182 ut
1352 2117 1467 2201 qui
1505 2116 1905 2181 beneficium
1938 2138 1978 2181 a
2008 2116 2455 2182 beneuolente

643 2226 950 2309 repudies
975 2226 998 2289 ?

374 2334 497 2399 LE.
566 2333 844 2398 Nullum
894 2334 1297 2399 beneficium
1332 2334 1485 2399 esse
1518 2334 1692 2398 duco
1730 2333 1798 2398 id
1841 2333 2017 2418 quod
2061 2334 2216 2418 quoi
2247 2334 2455 2398 facias

643 2441 777 2527 non
812 2442 1050 2525 placet.
1384 2430 1387 2434 ⁵

373 2548 530 2616 Scio
577 2570 704 2634 ego
752 2560 821 2615 et
870 2549 1087 2615 sentio
1135 2549 1280 2633 ipse
1314 2550 1475 2634 quid
1515 2570 1708 2635 agam
1758 2551 1975 2634 neque
2015 2571 2206 2615 mens
2240 2548 2457 2613 officio

645 2658 886 2743 migrat

367 2862 573 2914 presses
617 2848 868 2913 passivity
911 2863 972 2898 or
1006 2848 1363 2899 non-interfer-

370 2930 513 2976 ence,
547 2916 706 2975 abeas,
730 2918 965 2965 molestus
1000 2930 1063 2964 ne
1094 2918 1179 2974 sis,
1203 2918 1360 2973 sinas,

368 2990 485 3041 etc„
509 2982 613 3032 and
648 2983 739 3032 the
772 2982 1017 3047 question
1052 2982 1097 3031 is
1130 2982 1364 3049 strongly

368 3050 629 3099 sarcastic.

1529 2848 1644 2915 634.
1689 2856 1860 2901 tunez
1908 2848 1994 2899 for
2050 2848 2156 2899 this
2190 2856 2352 2899 retort
2402 2856 2458 2899 to

1465 2930 1651 3032 eggne
1669 2918 1693 2966 Ρ
1729 2932 1816 3012 see
1845 2918 1987 3032 gppt.
2011 2915 2042 2965 8
2037 2929 2108 3033 ἐξ
2132 2930 2184 3032 ἷι.

1531 2996 1645 3115 63}-
1680 2998 1819 3113 ‘qlgid
1854 2998 2047 3115 agag}
2071 2998 2217 3099 τεῗᾶἶί
2237 3050 2278 3098 I
2298 3066 2383 3099 am
2410 3056 2459 3098 to

436 3116 549 3180 629.
587 3116 803 3181 gloriae
850 3122 951 3166 aut
996 3116 1217 3165 famaez
1280 3131 1364 3179 ap-

367 3183 605 3249 parently
642 3197 674 3231 a
707 3182 984 3247 repetition
1020 3182 1079 3231 of
1113 3184 1172 3232 in
1201 3190 1362 3235 tuam

370 3263 494 3299 rem
512 3249 566 3298 in
584 3248 831 3299 different
844 3249 998 3297 form.
1059 3249 1213 3299 After
1227 3263 1361 3299 esse

370 3316 537 3366 either
569 3317 661 3365 tibi
684 3317 886 3380 gloriae
907 3331 970 3365 or
990 3318 1047 3365 in
1071 3323 1214 3366 tuam
1252 3332 1359 3365 rem

370 3382 534 3446 might
557 3382 623 3431 be
647 3382 793 3440 used,
818 3382 922 3432 and
944 3382 998 3431 in
1022 3383 1113 3431 the
1140 3383 1362 3432 careless

370 3450 502 3515 style
513 3449 572 3499 of
588 3450 968 3507 conversation,
984 3465 1044 3499 as
1060 3464 1161 3499 one
1174 3449 1364 3513 phrase

370 3515 462 3565 did
494 3524 590 3565 not
623 3532 766 3566 seem
800 3516 1107 3582 sufficiently
1138 3516 1361 3580 explicit,

371 3582 461 3632 the
483 3582 679 3632 second
696 3597 801 3631 was
820 3581 991 3632 added
1014 3591 1070 3632 to
1095 3583 1249 3632 make
1274 3582 1363 3632 the

370 3649 595 3713 thought
619 3650 826 3698 clear-er.

437 3715 550 3780 631.
587 3722 841 3766 meumst
864 3734 876 3764 ε
916 3716 981 3765 cf.
1005 3723 1161 3775 tuom,
1186 3729 1283 3781 445
1310 3731 1359 3763 n.

436 3780 551 3848 633.
587 3796 789 3847 quom:
816 3781 1014 3831 Introd.
1036 3795 1099 3847 ²9
1119 3800 1168 3832 a.

1465 3117 1542 3176 do,
1567 3116 1741 3165 would
1777 3116 1910 3165 have
1947 3116 2035 3166 the
2070 3132 2215 3166 same
2244 3116 2382 3165 form
2405 3116 2458 3165 in

1467 3183 1555 3232 the
1579 3182 1743 3233 direct
1771 3183 2028 3249 question.
2045 3182 2314 3233 —officio
2349 3183 2460 3232 mi-

1465 3257 1612 3313 grat,
1637 3266 1803 3299 moves
1836 3257 1926 3299 out
1953 3251 2019 3315 os
2039 3252 2106 3298 its
2135 3251 2274 3313 duty.
2344 3249 2460 3299 The

1464 3316 1628 3381 figure
1652 3317 1711 3366 of
1744 3316 1958 3381 moving
1988 3316 2126 3366 from
2161 3331 2262 3365 one
2295 3317 2460 3366 house

1463 3383 2083 3509 ffitffffifisssfflffi
2102 3382 2425 3518 ἕέκᾱῗῗέξ
2448 3485 2460 3497 .

1463 3517 1574 3581 sac,
1597 3519 1682 3577 sis,
1707 3518 1912 3567 uociuas
1931 3518 2070 3566 aedis
2092 3518 2323 3574 aurium,
2349 3532 2461 3565 mea

1465 3590 1527 3632 ut
1556 3585 1782 3647 mq‘grare
1814 3585 1947 3633 dicta
1973 3585 2178 3646 possint
2198 3598 2298 3647 quo
2329 3583 2458 3639 uolo,

1463 3650 1580 3699 that
1610 3667 1696 3713 my
1718 3651 1888 3699 words
1910 3666 2027 3712 may
2051 3665 2191 3698 move
2213 3652 2286 3697 in.
2359 3649 2464 3697 For

1464 3715 1553 3765 the
1598 3717 1764 3765 literal
1810 3731 1976 3774 sense,
2018 3715 2084 3765 cf.
2127 3716 2278 3764 Most.
2333 3727 2462 3782 1053

1469 3796 1560 3845 471
1583 3800 1596 3843 ς
1631 3784 1776 3832 Men.
1798 3780 1914 3831 822.
