2825 4317
390 296 489 347 166
1300 297 1570 347 PLAVTI
2169 296 2271 363 [tv.
2297 312 2342 346 2.
2373 311 2481 363 123.

394 466 507 529 ΞΥ.
575 452 807 548 Atque
888 465 1091 528 etiam
1154 459 1571 547 Philippum,
1650 473 2073 529 numeratum
2155 464 2331 528 illius
2413 465 2482 527 in

664 571 900 636 mensal
930 592 1153 649 manu,
2383 571 2486 638 965

394 680 584 745 Mssle
655 701 1022 745 nummum.
1154 680 1278 745 CH.
1348 680 1614 763 Nempe
1669 680 1754 744 ab
1818 680 1966 764 ipso
2029 681 2098 744 id
2161 680 2486 764 ticcepisti

668 786 1073 852 Charmide?

396 896 507 961 ΞΥ.
578 896 828 960 Mirum
893 896 1054 978 quin
1120 897 1204 961 ab
1268 915 1395 960 auo
1452 896 1596 961 eius
1644 905 1759 961 aut
1808 916 2060 979 proauo
2107 897 2484 980 acciperem

668 1004 781 1087 qui
816 1014 974 1067 sunt
1010 1002 1274 1068 mortui.
1755 1087 1766 1098 ·

397 1112 521 1177 CH.
575 1100 1020 1189 AdulescenS,
1046 1113 1372 1176 cedodum
1402 1112 1575 1177 istuc
1600 1133 1836 1177 aurum
1861 1111 2041 1177 mihi.
2113 1113 2228 1178 ΞΥ.
2283 1112 2486 1197 Quod

669 1240 795 1303 ego
828 1241 1062 1284 aurum
1099 1221 1247 1284 dem
1282 1220 1455 1283 tibi?

398 1329 525 1394 Cu.
595 1326 793 1411 Quod
827 1349 867 1392 a
898 1348 1007 1391 me
1041 1337 1110 1391 te
1144 1328 1486 1411 acce-pisse
1518 1328 1784 1393 fassu’S.
1887 1328 2000 1393 ΞΥ.
2068 1315 2218 1412 Aps
2267 1338 2337 1393 te
2384 1350 2488 1394 ac-

670 1435 978 1519 cepisse?
1076 1436 1203 1501 CH.
1274 1420 1379 1499 fta
1412 1436 1664 1520 loquor.

404 1546 513 1609 ΞΥ.
587 1543 757 1627 Quis
805 1553 881 1608 tu
929 1542 1238 1608 homo's?
1337 1544 1463 1609 CH.
1534 1545 1671 1628 Qui
1735 1544 1915 1609 mssle
1963 1566 2312 1610 nummum
2362 1545 2488 1610 tibi

672 1652 826 1716 dedi
859 1671 986 1735 ego
1021 1672 1170 1717 sum
1206 1652 1621 1717 Charmides,
2387 1667 2490 1717 970

403 1762 515 1827 ΞΥ.
579 1758 818 1845 Neque
852 1760 1090 1844 edepol
1123 1770 1199 1823 tu
1232 1760 1289 1825 is
1322 1763 1394 1826 es
1429 1780 1648 1844 neque
1680 1761 1881 1826 hodie
1915 1762 1972 1831 is
2006 1760 2319 1847 umquam
2356 1764 2488 1827 eris

674 1890 948 1933 —auro
980 1869 1135 1933 huic
1169 1869 1457 1952 quidem.
1605 1873 1611 1879 '

404 1966 543 2043 Abi
575 1978 690 2055 siS,
727 1976 1052 2060 nugator:
1102 1978 1337 2060 nugari
1371 1976 1683 2060 nugatori
1716 1977 2036 2059 postulas,

405 2087 532 2152 CH.
602 2085 996 2151 Chermides
1046 2106 1173 2168 ego
1224 2085 1391 2150 sum.
1510 2086 1620 2149 ΞΥ.
1694 2085 2118 2169 Nequiquam
2168 2086 2490 2153 hercle's:

676 2214 830 2259 nam
864 2194 960 2257 nil
992 2194 1137 2258 auri
1166 2194 1331 2258 fero,

404 2302 625 2366 Nimis
657 2311 894 2385 argute
936 2299 944 2393 Ι
986 2300 1350 2384 obrepsisti
1385 2301 1453 2365 in
1489 2301 1690 2384 eapse
1723 2301 2230 2368 occasiuncula:

404 2410 763 2495 Postquam
814 2430 941 2494 ego
1005 2430 1112 2474 me
1176 2430 1409 2474 aurum
1475 2410 1653 2475 ferre
1683 2406 1864 2486 dixi,
1918 2410 2069 2492 post
2118 2420 2194 2476 tu
2239 2410 2490 2476 factu's

678 2518 1113 2583 Chdrmides:
2390 2532 2492 2586 975

404 2626 592 2691 Prius
625 2635 701 2690 tu
734 2646 871 2691 non
904 2646 1052 2690 eras
1085 2647 1283 2709 quam
1316 2624 1461 2690 auri
1493 2626 1627 2691 feci
1660 2626 2092 2693 mentionem.
2175 2628 2269 2691 nss
2303 2628 2448 2711 agis
2476 2651 2490 2692 ε

403 2735 599 2798 Proin
625 2744 773 2799 tute
799 2735 1028 2798 itidem
1054 2743 1128 2798 ut
1156 2732 1630 2798 charmidatu’s
1657 2734 1918 2799 rursum
1943 2743 2014 2799 te
2038 2735 2483 2801 dechz'trmida.

467 2936 580 3000 965.
615 2936 675 2985 in
732 2949 976 2985 mensa:
1034 2938 1127 2993 i.e.,
1185 2950 1255 2984 on
1300 2935 1390 2985 the
1559 2947 1672 2998 971.
1709 2949 1850 2986 auro
1873 2936 2044 2985 huic:
2081 2936 2169 2985 the
2187 2935 2294 2985 dat.
2318 2937 2364 2986 is
2381 2938 2489 2987 like

398 3002 642 3053 banker's
699 3002 840 3052 table
861 3019 875 3064 ;
943 3001 1010 3051 cf.
1075 3004 1389 3066 tarpezitam,
1492 3002 1608 3051 that
1629 3002 1682 3050 in
1709 3002 1906 3051 Introd.
1931 3015 1990 3067 15
2014 3020 2062 3050 a.
2078 3032 2143 3039 —
2159 3003 2413 3067 quidem,
2432 3012 2494 3053 at

404 3073 545 3133 Capt.
588 3083 679 3134 193
715 3085 764 3118 n.
846 3068 1135 3118 Doubtless
1169 3069 1391 3129 τράπεξα
1492 3070 1632 3117 least.

396 3136 554 3186 stood
578 3136 700 3185 here
724 3136 777 3185 in
800 3136 891 3214 the
914 3135 1147 3214 original.
1557 3149 1671 3199 974.
1708 3135 1767 3185 in
1787 3149 1964 3213 eapse
1983 3137 2408 3213 occasiuncula,
2427 3140 2487 3186 in

395 3203 1064 3327 10121’33333133'32‘33225
1077 3202 1390 3326 §2¹23ssssss
1490 3202 2488 3333 ss3d025'guf'3352.2ss1?5d„f1m323;

396 3336 462 3386 cf.
505 3337 625 3401 1963
665 3336 775 3401 328.
846 3335 961 3384 The
996 3345 1267 3385 sentences
1302 3350 1390 3384 are
1491 3349 1761 3398 expresses
1784 3335 1875 3385 the
1896 3336 2156 3399 precision
2178 3335 2238 3384 of
2260 3336 2352 3386 the
2383 3346 2486 3386 act.

396 3411 489 3452 not
508 3404 707 3469 strictly
723 3403 1107 3466 interrogative,
1126 3402 1220 3451 but
1239 3403 1387 3450 when
1556 3414 1617 3465 97
1628 3412 1670 3466 5.
1707 3409 2020 3466 postquam
2057 3437 2072 3452 .
2099 3437 2115 3453 .
2141 3438 2156 3453 .
2189 3410 2323 3468 post
2349 3420 2362 3453 ε
2395 3419 2488 3454 see

396 3470 544 3519 there
578 3486 683 3519 was
706 3485 738 3518 a
769 3468 936 3519 desire
969 3470 1054 3517 for
1090 3469 1176 3517 the
1212 3475 1389 3518 assent
1490 3480 1586 3527 417
1613 3483 1661 3516 n.

397 3537 458 3586 of
481 3537 570 3585 the
589 3551 778 3599 person
797 3535 1096 3593 addressed‚
1116 3535 1205 3585 the
1230 3535 1389 3599 rising
1557 3546 1672 3597 977.
1708 3535 2126 3586 charmidatu’s
2164 3537 2488 3587 (1οοί18τωί-

396 3603 657 3652 inflection
693 3601 868 3651 would
901 3603 1018 3666 give
1050 3618 1083 3649 a
1116 3601 1274 3665 slight
1312 3602 1388 3650 in·
1490 3602 1599 3651 da:
1635 3601 1693 3649 of
1726 3617 1912 3651 course
1947 3603 2116 3652 comic
2137 3603 2489 3665 formations3

398 3670 708 3730 terrogative
734 3669 904 3717 effect.
1488 3666 1554 3716 cf.
1623 3669 1898 3729 Subballio,
1965 3686 2038 3718 an
2106 3671 2488 3728 under-Ballio,

463 3734 576 3799 967.
615 3735 825 3783 mirum
849 3734 1020 3798 quin:
1057 3749 1144 3783 see
1168 3747 1266 3798 495
1288 3749 1341 3783 n.
1490 3736 1670 3782 Pseud.
1717 3734 1850 3797 6073
1885 3737 2168 3795 sullaturit,
2218 3737 2328 3787 Cic.
2375 3739 2488 3787 Att.

466 3798 576 3862 968.
616 3801 899 3849 cedodum
926 3817 938 3847 ε
977 3800 1175 3848 Introd.
1202 3814 1267 3865 34
1289 3800 1332 3849 b.
1490 3800 1589 3849 IX.
1620 3814 1694 3849 10.
1719 3800 1767 3849 6.
