2825 4317
387 314 485 367 162
1296 310 1567 363 PLAVTI
2204 308 2308 379 [xv.
2335 327 2382 361 2.
2407 308 2494 363 68.

391 485 517 550 ΕΗ.
584 483 759 547 Vide
792 480 989 547 modo
1024 491 1099 545 ut
1133 481 1472 545 hominem
1509 478 1798 543 noueriS.
1924 477 2035 543 ΞΥ.
2106 479 2493 563 Tamquam

661 611 810 655 me:
859 590 1004 654 fieri
1037 587 1212 653 istuc
1247 587 1457 653 solet:

392 700 593 784 Quod
627 700 694 763 in
730 719 930 763 manu
963 696 1195 762 teneas
1228 707 1430 778 atque
1463 695 1674 762 oculis
1708 694 1960 771 uldeaS,
2003 696 2068 759 id
2115 696 2492 763 desideres,

393 808 672 872 Litteris
707 805 1287 871 recomminiscar:
1346 804 1399 869 C
1436 807 1538 869 est
1571 803 1972 887 principium
2007 802 2288 868 nomini.
2389 816 2497 871 915

390 916 515 981 ΕΗ.
586 914 869 981 Callias?
1003 913 1115 979 ΞΥ.
1188 914 1346 976 Non
1394 915 1516 977 est.
1650 912 1776 977 ΕΗ.
1846 911 2232 995 Callippus?
2369 912 2491 977 ΞΥ.

664 1023 820 1087 Non
856 1032 982 1088 est.
1080 1022 1203 1087 ΕΗ.
1275 1020 1784 1086 Callidemides?

391 1133 505 1198 ΞΥ.
576 1130 733 1195 Non
784 1141 908 1196 est.
1026 1130 1152 1195 CH.
1221 1128 1624 1194 Callinicus?
1731 1127 1846 1193 ΞΥ.
1916 1128 2076 1191 Non
2125 1137 2253 1193 est.
2354 1128 2489 1193 ΕΗ.

664 1238 1184 1304 ΕέιΙΙίῐηειΥοὴιιεὲ
1284 1238 1400 1302 ΞΥ.
1472 1237 1588 1300 Nss
1629 1236 1805 1319 agis:
1867 1314 1874 1321 ι

394 1350 632 1433 Neque
663 1349 831 1412 adeo
870 1347 1107 1430 edepol
1140 1344 1335 1410 flocci
1358 1345 1559 1421 facio,
1595 1344 1864 1427 quando
1899 1354 2172 1427 egomet
2206 1346 2495 1409 memini

661 1456 842 1521 mihi.

391 1565 515 1629 ΕΗ.
552 1552 651 1627 At
677 1563 855 1627 enim
879 1562 1073 1627 multi
1102 1560 1462 1626 Lesbonici
1484 1560 1640 1624 sunt
1660 1560 1814 1625 hic:
1847 1560 1977 1625 nisi
2004 1562 2253 1625 nomen
2275 1562 2494 1643 patris

392 1673 617 1748 D1'ceS,
670 1691 805 1735 non
855 1691 1127 1755 possum
1178 1670 1343 1733 istos
1407 1678 1734 1732 mostrare
1799 1667 2110 1732 hbmines
2174 1689 2346 1751 quos
2412 1679 2493 1733 tu

446 1858 451 1862 ¹
662 1780 1016 1867 quaeritas
2386 1790 2494 1841 920

394 1889 591 1971 Quod
625 1889 708 1951 ad
734 1886 1219 1971 exemplumst?
1277 1885 1668 1957 coniectura
1693 1885 1752 1949 sl
1777 1886 2074 1968 reperire
2101 1885 2486 1969 possumus.

393 1996 505 2061 ΞΥ.
575 1984 687 2061 Ad
752 1996 879 2061 hoc
945 1995 1434 2078 exemplumst:
1522 1993 1720 2057 Char.
1829 1993 1954 2058 ΕΗ.
1999 1993 2332 2059 Chares?
2399 2015 2491 2059 an

666 2103 1100 2168 Charmides?
1199 2101 1311 2166 ΞΥ.
1382 2102 1583 2164 Enim
1615 2100 2035 2166 Charmides,

394 2199 542 2287 Em,
596 2211 748 2276 istic
797 2211 963 2275 erit:
1011 2210 1123 2294 qui
1174 2209 1374 2273 istum
1427 2209 1496 2272 di
1543 2210 1846 2292 perdant.
1946 2209 2071 2274 ΕΗ.
2145 2210 2308 2274 Dixi
2357 2230 2492 2294 ego

662 2320 791 2382 iam
829 2318 1076 2383 dudum
1112 2318 1279 2381 tibi:
1368 2328 1371 2333 '

390 2428 491 2492 Te
539 2427 763 2509 potius
806 2428 981 2490 bene
1028 2425 1250 2490 dicere
1298 2434 1652 2508 aequomst
1701 2425 1958 2489 homini
2013 2426 2234 2492 amico
2284 2427 2491 2510 quam

662 2532 851 2598 male.

394 2643 507 2706 ΞΥ.
577 2641 769 2707 Ξέῐὶη
820 2642 996 2706 inter
1043 2640 1229 2705 labra
1274 2640 1478 2724 atque
1526 2642 1766 2705 dentes
1813 2641 2013 2706 latuit
2058 2642 2164 2707 uir
2197 2644 2493 2709 minum(

664 2749 876 2832 preti?
2385 2764 2492 2819 925

456 2948 569 3012 918.
606 2948 782 2998 mihi:
820 2949 1017 2999 Introd.
1050 2960 1180 3015 15‘a.
1481 2948 1571 2999 the
1603 2950 1832 3014 particle,
1855 2950 2020 3018 freely
2044 2952 2176 3002 used
2206 2952 2261 3002 in
2289 2968 2492 3005 cut-ses.

456 3028 568 3078 920.
606 3022 915 3065 mostrare:
952 3031 1038 3067 see
1063 3032 1111 3063 n.
1136 3032 1207 3065 on
1232 3029 1343 3080 342.
1482 3016 1561 3067 Its
1597 3018 1816 3080 original
1851 3033 2005 3069 sense
2039 3019 2086 3068 is
2121 3028 2217 3068 not
2243 3035 2370 3085 very
2393 3020 2493 3070 dif-

456 3094 567 3144 921.
606 3080 758 3145 quod
814 3083 887 3130 ad
953 3082 1378 3146 exemplumst?
1477 3082 1648 3133 ferent
1693 3084 1831 3132 from
1879 3085 1994 3133 that
2041 3085 2100 3133 of
2147 3094 2220 3145 ut,
2262 3090 2489 3147 utinam,

391 3145 457 3194 cf.
506 3147 592 3195 the
638 3162 858 3211 passage
895 3148 1091 3212 quoted
1142 3164 1212 3197 on
1263 3149 1385 3211 874.
1480 3150 1608 3199 how.

392 3213 543 3274 quod
590 3228 718 3275 goes
771 3214 892 3262 with
952 3216 1381 3279 exemplum.—
1547 3230 1663 3279 924.
1703 3217 2014 3268 Charmides
2046 3218 2155 3267 had
2183 3227 2280 3269 not
2303 3219 2491 3270 before

392 3278 750 3329 coniectura:
774 3279 875 3327 abl.
892 3282 1013 3330 with
1030 3283 1381 3347 reperire.—
1481 3282 1586 3331 had
1631 3285 1878 3334 occasion
1913 3291 1970 3333 to
2005 3284 2188 3335 advise
2225 3286 2317 3336 the
2357 3304 2491 3350 syco-

392 3344 443 3391 si
470 3378 484 3391 .
512 3378 525 3391 .
553 3378 566 3391 .
600 3358 934 3408 possumus,
971 3357 1019 3397 to
1051 3366 1125 3398 see
1158 3350 1383 3398 whether
1474 3350 1675 3411 phanta
1721 3360 1816 3400 not
1865 3344 1942 3401 to'
1965 3351 2129 3401 abuse
2177 3353 2262 3403 his
2295 3353 2491 3402 friend.

392 3425 465 3457 wc
487 3425 621 3487 can:
653 3445 665 3458 .
691 3427 739 3469 .;
774 3425 839 3488 an
874 3415 1119 3478 elliptical
1153 3416 1291 3465 form
1324 3415 1384 3465 of
1483 3416 1598 3465 The
1623 3418 1795 3468 words
1819 3418 1936 3467 dixi
1969 3432 2082 3481 ego
2111 3420 2233 3469 iam
2261 3420 2489 3470 dudum

392 3488 692 3551 expressron
716 3476 881 3525 whxch
908 3480 1003 3530 has
1024 3482 1248 3531 familiar
1268 3497 1381 3547 par·
1480 3482 1588 3533 tibi
1611 3492 1767 3542 must,
1793 3484 2072 3543 therefore,
2091 3485 2231 3535 refer
2254 3494 2313 3535 to
2337 3502 2492 3537 some

393 3538 539 3587 allels
562 3556 615 3587 ιιι
641 3542 788 3618 Engl.
1481 3550 1634 3599 other
1673 3551 1895 3610 remark,
1929 3567 2048 3600 now
2092 3552 2200 3601 lost
2247 3552 2488 3603 between

458 3617 570 3665 922.
608 3619 779 3682 enlm,
827 3625 934 3670 yes.
1005 3616 1120 3665 The
1177 3632 1270 3667 use
1325 3616 1378 3665 in
1480 3628 1579 3681 923
1603 3618 1710 3666 and
1735 3632 1848 3682 924.

392 3682 617 3718 answers
650 3687 693 3719 1s
729 3687 990 3752 common,
1028 3682 1227 3746 though
1263 3683 1304 3731 it
1337 3683 1380 3732 is
1548 3696 1662 3747 925.
1701 3686 1884 3735 satin:
1907 3700 1996 3735 see
2019 3699 2070 3733 n.
2095 3700 2169 3734 on
2199 3688 2348 3750 Capt.
2370 3685 2489 3752 653.

392 3747 535 3781 more
557 3734 794 3798 frequent
820 3743 943 3791 wlth
967 3761 1000 3794 a
1021 3750 1273 3812 negative.
1483 3747 1535 3796 It
1568 3750 1612 3798 is
1647 3760 1742 3801 not
1776 3752 1861 3801 for
1896 3768 2067 3801 nonne
2096 3767 2158 3801 or
2186 3752 2274 3802 for
2296 3755 2495 3804 satis-ne

460 3811 571 3861 923.
608 3802 741 3849 erit:
776 3818 864 3853 see
886 3823 939 3856 n.
955 3826 1027 3860 on
1044 3813 1158 3864 606.
1173 3842 1241 3853 —
1257 3815 1379 3879 qui:
1479 3823 1555 3864 est
1575 3850 1587 3863 .
1613 3851 1625 3864 .
1652 3851 1664 3863 .
1689 3819 1912 3867 latuisse.
