2825 4317
305 334 402 388 180
1214 338 1486 389 PLAVTI
2143 336 2217 403 [V.
2245 352 2288 386 2.
2319 352 2396 387 10.

305 506 426 571 CA.
500 505 784 591 Lysiteli
840 506 1107 589 quidem
1174 473 1502 569 Philtonis
1559 505 1722 568 snio.
1828 507 1948 569 ιγ.
2025 505 2222 569 Enim
2287 525 2394 569 me

579 613 899 679 nominat.

307 722 430 787 CH.
488 722 831 786 Familiam
855 732 1195 805 optumam
1218 723 1595 805 occupauit.
1670 724 1790 787 LY.
1849 722 2029 806 Quid
2052 742 2178 805 ego
2200 742 2392 787 cesso

579 831 701 894 hos
737 830 1085 915 conloqui?
1531 860 1538 867 ·
2266 842 2392 895 Π35

307 939 441 1004 Sed
493 959 798 1003 maneam
851 939 1073 1016 etiam,
1127 939 1403 1022 opinor:
1457 959 1744 1023 namque
1793 939 1920 1004 hoc
1969 937 2390 1003 commodum

578 1046 834 1111 orditur
865 1048 1067 1131 loqui.

305 1155 430 1219 Cn.
501 1155 669 1221 Vah.
769 1156 891 1221 CA.
964 1156 1146 1239 Quid
1174 1158 1325 1220 est?
1424 1156 1550 1221 CH.
1615 1156 1889 1221 Oblitus
1924 1156 2106 1219 intus
2141 1154 2391 1219 dudum

578 1265 703 1329 tibi
738 1285 887 1328 sum
921 1264 1183 1328 dicere:

307 1370 509 1435 Modo
543 1372 707 1435 mihi
738 1372 1131 1435 aduenienti
1164 1382 1453 1455 nugator
1479 1371 1744 1455 quidam
1780 1372 2068 1437 occessit
2103 1371 2386 1447 obuiam,

306 1479 527 1543 Nimis
560 1480 1037 1562 pergraphicus
1074 1467 1507 1565 sycophanta.
1608 1480 1664 1543 is
1698 1479 1880 1543 mille
1921 1501 2266 1543 nummum
2317 1498 2390 1543 se

578 1586 852 1653 aureum

306 1694 463 1758 Meo
495 1696 655 1758 datu
689 1696 813 1760 tibi
843 1696 1021 1760 ferre
1046 1705 1113 1761 et
1147 1705 1353 1779 gnato
1390 1695 1769 1759 Lesbonico
1802 1694 1980 1759 aibat
2014 1716 2164 1758 meo
2191 1718 2204 1758 ε
2264 1717 2391 1765 1140

213 1825 221 1834 ·
308 1803 528 1886 Quem
562 1805 689 1886 ego
723 1824 848 1869 nec
880 1803 994 1887 qui
1021 1814 1201 1868 esset
1231 1803 1461 1869 noram
1498 1823 1718 1887 neque
1749 1823 1901 1867 eum
1929 1812 2085 1867 ante
2110 1802 2387 1886 usquam

579 1912 899 1995 conspexi
931 1913 1135 1995 prius,
1484 1973 1495 1982 .

308 2018 442 2084 Sed
490 2021 647 2103 quid
696 2021 923 2085 rides?
1019 2020 1141 2085 CA.
1215 2021 1371 2085 Meo
1419 2020 1732 2104 adlegatu
1781 2020 1989 2095 uenit,
2038 2020 2228 2103 quasi
2276 2019 2390 2103 qui

579 2128 809 2193 aurum
846 2128 1010 2192 mihi

308 2237 542 2301 Ferret
576 2258 695 2320 aps
728 2245 799 2301 te
831 2235 1005 2320 quod
1048 2238 1275 2301 darem
1311 2245 1469 2301 tuae
1508 2234 1753 2320 gnatae
1786 2237 2051 2300 dotem:
2099 2245 2172 2300 ut
2207 2236 2390 2300 fssius

305 2343 506 2421 Tuos,
541 2346 808 2428 quando
848 2345 939 2407 illi
989 2366 1028 2408 a
1075 2346 1181 2409 me
1229 2346 1476 2421 darem,
1516 2364 1667 2409 esse
1715 2343 1984 2409 allatum
2039 2344 2106 2408 id
2152 2365 2272 2427 aps
2320 2352 2390 2407 te

579 2455 876 2518 crederet

307 2560 459 2624 Neu
524 2562 638 2645 qui
700 2582 841 2625 rem
901 2560 1111 2643 ipsam
1176 2560 1405 2644 posset
1471 2560 1883 2644 intellegere,
1950 2559 2388 2624 thensaurum

578 2679 760 2734 tuom
2262 2678 2390 2733 1145

305 2778 420 2842 Μέ
470 2798 620 2842 esse
668 2799 895 2861 penes,
931 2786 1132 2861 atque
1180 2777 1333 2841 eum
1382 2797 1423 2841 a
1469 2798 1577 2842 me
1624 2777 1776 2861 lege
1824 2776 2049 2859 populi
2097 2776 2386 2859 patrium

579 2885 903 2969 posceret.

306 2960 428 3058 Cn.
502 2994 688 3059 Scite
745 2993 999 3077 edepol.
1099 2994 1221 3059 CA.
1292 2992 1769 3077 Megaronides
1821 2992 2196 3057 communis
2262 2993 2388 3057 hoc

579 3124 768 3166 meus
802 3105 869 3167 et
903 3113 1057 3166 tuos

376 3244 516 3309 1136.
554 3258 839 3302 maneam,
900 3244 940 3291 I
987 3244 1096 3292 had
1146 3244 1298 3293 better
1396 3244 1614 3301 uideam,
1633 3244 1677 3292 is
1701 3242 1815 3291 half
1836 3242 2138 3305 paratactic.
2218 3241 2389 3291 There

302 3313 441 3360 wait.
513 3311 565 3359 If
600 3312 701 3359 this
740 3326 868 3359 were
915 3309 1121 3359 defined
1162 3310 1231 3375 by
1263 3325 1296 3358 a
1396 3311 1441 3358 is
1467 3310 1691 3373 nothing
1714 3308 1884 3359 Greek
1920 3309 1976 3357 in
2011 3309 2102 3357 the
2129 3316 2392 3357 construc-

301 3378 588 3441 paratactie
607 3378 857 3434 addition,
877 3378 914 3425 it
933 3377 1106 3425 would
1123 3377 1189 3426 be
1211 3378 1301 3425 sed
1396 3377 1523 3425 tion.
1596 3378 1648 3426 It
1671 3377 1716 3425 is
1740 3375 1968 3440 possible
1987 3376 2100 3423 that
2119 3389 2269 3424 some
2285 3390 2388 3423 vss.

301 3461 536 3493 maneam
584 3451 908 3507 optumumst.
996 3444 1110 3492 The
1146 3444 1297 3492 other
1396 3443 1530 3492 have
1548 3442 1679 3492 been
1698 3444 1803 3491 lost
1823 3442 1958 3491 after
1977 3442 2081 3491 this
2099 3442 2202 3491 line
2220 3441 2390 3490 which

301 3526 450 3561 cases
468 3512 520 3559 in
540 3512 609 3560 Pl.
628 3526 716 3560 are
732 3512 918 3559 Bacch.
944 3510 1085 3574 1058,
1103 3517 1291 3559 taceam
1395 3510 1673 3568 contained
1709 3510 1798 3559 the
1835 3509 2080 3572 proposal
2127 3507 2186 3557 of
2232 3508 2392 3557 Char·
2464 3544 2470 3551 .

303 3594 442 3627 nunc
486 3580 590 3627 iam
607 3594 630 3635 ;
671 3580 821 3626 Asin.
858 3578 970 3640 605,
1006 3578 1165 3626 huius
1197 3593 1294 3626 ser·
1395 3576 1561 3625 mides
1584 3576 1670 3625 for
1689 3591 1721 3624 a
1736 3576 1990 3638 marriage
2014 3575 2245 3624 between
2271 3575 2392 3623 Les-

302 3660 497 3691 monem
534 3645 795 3706 accipiam,
842 3646 883 3691 I
908 3650 1051 3693 want
1088 3651 1137 3691 to
1170 3644 1295 3691 hear
1394 3643 1615 3692 bonicus
1639 3643 1744 3692 and
1769 3643 1858 3691 the
1878 3642 2134 3704 daughter
2153 3640 2211 3689 of
2239 3640 2393 3689 Caui-

302 3710 446 3758 what
474 3709 537 3757 he
568 3725 685 3772 says
698 3725 723 3767 ,·
764 3712 906 3758 Pers.
948 3722 1075 3774 5423
1144 3710 1291 3758 Truc.
1396 3710 1518 3767 cles,
1553 3709 1719 3758 which
1769 3709 1814 3757 is
1849 3708 1960 3757 first
1995 3707 2198 3771 spoken
2235 3706 2294 3755 of
2337 3707 2391 3755 in

303 3774 427 3838 692;
465 3776 613 3823 Asin.
640 3775 739 3839 619
767 3775 871 3823 and
895 3776 1117 3839 perhaps
1142 3778 1291 3823 Asin.
1401 3790 1420 3823 1
1437 3775 1542 3841 183.

303 3840 431 3896 816;
463 3843 574 3890 Cas.
604 3841 699 3904 516
717 3857 732 3901 ,;
758 3841 907 3891 Most.
930 3841 1044 3904 849,
1062 3858 1212 3891 mane
1224 3844 1295 3890 sis
1468 3855 1610 3907 1145.
1647 3843 1744 3905 qui
1769 3859 1780 3889 z
1816 3841 1991 3898 indes„
2016 3842 2075 3889 in
2096 3857 2204 3904 any
2225 3856 2355 3902 way.
